@article{alon2019code2vec,
  title={code2vec: Learning distributed representations of code},
  author={Alon, Uri and Zilberstein, Meital and Levy, Omer and Yahav, Eran},
  journal={Proceedings of the ACM on Programming Languages},
  volume={3},
  number={POPL},
  pages={40},
  year={2019},
  publisher={ACM}
}

@article{mcmillan2013portfolio,
  title={Portfolio: Searching for relevant functions and their usages in millions of lines of code},
  author={Mcmillan, Collin and Poshyvanyk, Denys and Grechanik, Mark and Xie, Qing and Fu, Chen},
  journal={ACM Transactions on Software Engineering and Methodology (TOSEM)},
  volume={22},
  number={4},
  pages={37},
  year={2013},
  publisher={ACM}
}

@article{pradel2018deepbugs,
  title={DeepBugs: A learning approach to name-based bug detection},
  author={Pradel, Michael and Sen, Koushik},
  journal={Proceedings of the ACM on Programming Languages},
  volume={2},
  number={OOPSLA},
  pages={147},
  year={2018},
  publisher={ACM}
}

@article{allamanis2017learning,
  title={Learning to represent programs with graphs},
  author={Allamanis, Miltiadis and Brockschmidt, Marc and Khademi, Mahmoud},
  journal={arXiv preprint arXiv:1711.00740},
  year={2017}
}

@article{vasic2019neural,
  title={Neural Program Repair by Jointly Learning to Localize and Repair},
  author={Vasic, Marko and Kanade, Aditya and Maniatis, Petros and Bieber, David and Singh, Rishabh},
  journal={arXiv preprint arXiv:1904.01720},
  year={2019}
}

@inproceedings{hu2018deep,
  title={Deep code comment generation},
  author={Hu, Xing and Li, Ge and Xia, Xin and Lo, David and Jin, Zhi},
  booktitle={Proceedings of the 26th Conference on Program Comprehension},
  pages={200--210},
  year={2018},
  organization={ACM}
}

@article{goseva2015capability,
  title={On the capability of static code analysis to detect security vulnerabilities},
  author={Goseva-Popstojanova, Katerina and Perhinschi, Andrei},
  journal={Information and Software Technology},
  volume={68},
  pages={18--33},
  year={2015},
  publisher={Elsevier}
}

@article{allamanis2016extreme,
  title={A Convolutional Attention Network
  for Extreme Summarization of Source Code},
  author={Miltiadis Allamanis, Hao Peng and Charles Sutton},
  journal={Proceedings of Machine Learning Research},
  volume={48},
  pages={2091-2100},
  year={2016}
}

@article{code2seq,
  title={Code2Seq: Generating Sequences From Structured Representations of Code},
  author={Uri Alon, Omer Levy, Shaked Brody and Eran Yahav},
  journal={ICLR},
  year={2019}
}

@inproceedings{ayewah2010google,
  title={The google findbugs fixit},
  author={Ayewah, Nathaniel and Pugh, William},
  booktitle={Proceedings of the 19th international symposium on Software testing and analysis},
  pages={241--252},
  year={2010},
  organization={ACM}
}

@article{hovemeyer2004finding,
  title={Finding bugs is easy},
  author={Hovemeyer, David and Pugh, William},
  journal={Acm sigplan notices},
  volume={39},
  number={12},
  pages={92--106},
  year={2004},
  publisher={ACM}
}

@inproceedings{johnson2013don,
  title={Why don't software developers use static analysis tools to find bugs?},
  author={Johnson, Brittany and Song, Yoonki and Murphy-Hill, Emerson and Bowdidge, Robert},
  booktitle={Proceedings of the 2013 International Conference on Software Engineering},
  pages={672--681},
  year={2013},
  organization={IEEE Press}
}

@article{kingma2014adam,
  title={Adam: A method for stochastic optimization},
  author={Kingma, Diederik P and Ba, Jimmy},
  journal={arXiv preprint arXiv:1412.6980},
  year={2014}
}

@book{dowd2006art,
  title={The art of software security assessment: Identifying and preventing software vulnerabilities},
  author={Dowd, Mark and McDonald, John and Schuh, Justin},
  year={2006},
  publisher={Pearson Education},
  chapter={10}
}

@inproceedings{kovalenko2019pathminer,
  title={PathMiner: a library for mining of path-based representations of code},
  author={Kovalenko, Vladimir and Bogomolov, Egor and Bryksin, Timofey and Bacchelli, Alberto},
  booktitle={Proceedings of the 16th International Conference on Mining Software Repositories},
  pages={13--17},
  year={2019},
  organization={IEEE Press}
}

@article{bertdevlin2018bert,
  title={Bert: Pre-training of deep bidirectional transformers for language understanding},
  author={Devlin, Jacob and Chang, Ming-Wei and Lee, Kenton and Toutanova, Kristina},
  journal={arXiv preprint arXiv:1810.04805},
  year={2018}
}